%% bibliography.bib
%% Mac Radigan

@book{Wade,
  author        = "Wade, L. G., Jr", 
  title         = "Organic Chemistry, 8th Edition", 
  publisher     = "Pearson", 
  address       = "New York", 
  year          = "2013"
}

%% *EOF*
